%YAML 1.1
%TAG !u! tag:unity3d.com,2011:
--- !u!61 &718169250
BoxCollider2D:
  m_ObjectHideFlags: 0
  m_CorrespondingSourceObject: {fileID: 0}
  m_PrefabInstance: {fileID: 0}
  m_PrefabAsset: {fileID: 0}
  m_GameObject: {fileID: 1982730159278387504}
  m_Enabled: 1
  m_Density: 1
  m_Material: {fileID: 0}
  m_IsTrigger: 0
  m_UsedByEffector: 0
  m_UsedByComposite: 0
  m_Offset: {x: 0, y: 0}
  m_SpriteTilingProperty:
    border: {x: 0, y: 0, z: 0, w: 0}
    pivot: {x: 0.5, y: 0.5}
    oldSize: {x: 1.53125, y: 0.34375}
    newSize: {x: 0.34375, y: 1.4375}
    adaptiveTilingThreshold: 0.5
    drawMode: 0
    adaptiveTiling: 0
  m_AutoTiling: 0
  serializedVersion: 2
  m_Size: {x: 1.53125, y: 0.34375}
  m_EdgeRadius: 0
--- !u!1 &2225699740878207581
GameObject:
  m_ObjectHideFlags: 0
  m_CorrespondingSourceObject: {fileID: 0}
  m_PrefabInstance: {fileID: 0}
  m_PrefabAsset: {fileID: 0}
  serializedVersion: 6
  m_Component:
  - component: {fileID: 7644707083951969194}
  - component: {fileID: 7064426873867339614}
  - component: {fileID: 718169243}
  - component: {fileID: 718169254}
  m_Layer: 10
  m_Name: TX Village Props Wheelbarrow
  m_TagString: Untagged
  m_Icon: {fileID: 0}
  m_NavMeshLayer: 0
  m_StaticEditorFlags: 0
  m_IsActive: 1
--- !u!4 &7644707083951969194
Transform:
  m_ObjectHideFlags: 0
  m_CorrespondingSourceObject: {fileID: 0}
  m_PrefabInstance: {fileID: 0}
  m_PrefabAsset: {fileID: 0}
  m_GameObject: {fileID: 2225699740878207581}
  m_LocalRotation: {x: -0, y: -0, z: -0, w: 1}
  m_LocalPosition: {x: 0, y: 0, z: 0}
  m_LocalScale: {x: 1, y: 1, z: 1}
  m_Children: []
  m_Father: {fileID: 3199234433168532604}
  m_RootOrder: 0
  m_LocalEulerAnglesHint: {x: 0, y: 0, z: -1.5560001}
--- !u!212 &7064426873867339614
SpriteRenderer:
  m_ObjectHideFlags: 0
  m_CorrespondingSourceObject: {fileID: 0}
  m_PrefabInstance: {fileID: 0}
  m_PrefabAsset: {fileID: 0}
  m_GameObject: {fileID: 2225699740878207581}
  m_Enabled: 1
  m_CastShadows: 0
  m_ReceiveShadows: 0
  m_DynamicOccludee: 1
  m_MotionVectors: 1
  m_LightProbeUsage: 1
  m_ReflectionProbeUsage: 1
  m_RayTracingMode: 0
  m_RayTraceProcedural: 0
  m_RenderingLayerMask: 1
  m_RendererPriority: 0
  m_Materials:
  - {fileID: 2100000, guid: 014095a0ff976c9478d39b72d0bbe6db, type: 2}
  m_StaticBatchInfo:
    firstSubMesh: 0
    subMeshCount: 0
  m_StaticBatchRoot: {fileID: 0}
  m_ProbeAnchor: {fileID: 0}
  m_LightProbeVolumeOverride: {fileID: 0}
  m_ScaleInLightmap: 1
  m_ReceiveGI: 1
  m_PreserveUVs: 0
  m_IgnoreNormalsForChartDetection: 0
  m_ImportantGI: 0
  m_StitchLightmapSeams: 0
  m_SelectedEditorRenderState: 0
  m_MinimumChartSize: 4
  m_AutoUVMaxDistance: 0.5
  m_AutoUVMaxAngle: 89
  m_LightmapParameters: {fileID: 0}
  m_SortingLayerID: -730795765
  m_SortingLayer: 4
  m_SortingOrder: 0
  m_Sprite: {fileID: 21300116, guid: 7810966f0f690954c87305933cabf2b0, type: 3}
  m_Color: {r: 1, g: 1, b: 1, a: 1}
  m_FlipX: 0
  m_FlipY: 0
  m_DrawMode: 0
  m_Size: {x: 3, y: 1.25}
  m_AdaptiveModeThreshold: 0.5
  m_SpriteTileMode: 0
  m_WasSpriteAssigned: 1
  m_MaskInteraction: 0
  m_SpriteSortPoint: 0
--- !u!114 &718169243
MonoBehaviour:
  m_ObjectHideFlags: 0
  m_CorrespondingSourceObject: {fileID: 0}
  m_PrefabInstance: {fileID: 0}
  m_PrefabAsset: {fileID: 0}
  m_GameObject: {fileID: 2225699740878207581}
  m_Enabled: 1
  m_EditorHideFlags: 0
  m_Script: {fileID: 11500000, guid: 7db70e0ea77f5ac47a8f4565a9406397, type: 3}
  m_Name: 
  m_EditorClassIdentifier: 
  m_ShadowGroup: 0
  m_HasRenderer: 1
  m_UseRendererSilhouette: 1
  m_CastsShadows: 1
  m_SelfShadows: 0
  m_ApplyToSortingLayers: 000000009df3ca6f0bf170d4835bbe9f1bf64bf3694ccebc7d152458bd7f93bc9dad369f
  m_ShapePath:
  - {x: -1.6592706, y: -0.43752173, z: 0}
  - {x: -1.7041885, y: -0.010536839, z: 0}
  - {x: -1.9648288, y: 0.01449037, z: 0}
  - {x: -1.9911221, y: 0.16655432, z: 0}
  - {x: -1.9280238, y: 0.18694858, z: 0}
  - {x: -1.9452815, y: 0.74155796, z: 0}
  - {x: -1.7803863, y: 0.73921305, z: 0}
  - {x: -1.7329533, y: 0.69767857, z: 0}
  - {x: -1.0846946, y: 0.6825336, z: 0}
  - {x: -1.0529643, y: 0.7585753, z: 0}
  - {x: -0.927537, y: 0.71549, z: 0}
  - {x: -0.86325216, y: 0.6821897, z: 0}
  - {x: -0.2165637, y: 0.6788024, z: 0}
  - {x: -0.20677803, y: 0.73994607, z: 0}
  - {x: 0.017019851, y: 0.72196573, z: 0}
  - {x: 0.07672782, y: 0.09567067, z: 0}
  - {x: 0.95053977, y: 0.09873614, z: 0}
  - {x: 0.9025596, y: -0.039366886, z: 0}
  - {x: 0.26998398, y: -0.052045714, z: 0}
  - {x: 0.25047165, y: -0.44359034, z: 0}
  - {x: 0.15798075, y: -0.46791017, z: 0}
  - {x: 0.12653589, y: -0.053252783, z: 0}
  - {x: -0.7247431, y: -0.0412872, z: 0}
  - {x: -0.70409316, y: -0.21459347, z: 0}
  - {x: -0.9323581, y: -0.5477088, z: 0}
  - {x: -1.3019379, y: -0.6030513, z: 0}
  m_ShapePathHash: -960369285
  m_Mesh: {fileID: 0}
  m_InstanceId: 107646
--- !u!61 &718169254
BoxCollider2D:
  m_ObjectHideFlags: 0
  m_CorrespondingSourceObject: {fileID: 0}
  m_PrefabInstance: {fileID: 0}
  m_PrefabAsset: {fileID: 0}
  m_GameObject: {fileID: 2225699740878207581}
  m_Enabled: 1
  m_Density: 1
  m_Material: {fileID: 0}
  m_IsTrigger: 0
  m_UsedByEffector: 0
  m_UsedByComposite: 0
  m_Offset: {x: -0.5317037, y: 0.13567734}
  m_SpriteTilingProperty:
    border: {x: 0, y: 0, z: 0, w: 0}
    pivot: {x: 0.6772346, y: 0.3914589}
    oldSize: {x: 3, y: 1.25}
    newSize: {x: 3, y: 1.25}
    adaptiveTilingThreshold: 0.5
    drawMode: 0
    adaptiveTiling: 0
  m_AutoTiling: 0
  serializedVersion: 2
  m_Size: {x: 3, y: 1.25}
  m_EdgeRadius: 0
--- !u!1 &3199234433168532602
GameObject:
  m_ObjectHideFlags: 0
  m_CorrespondingSourceObject: {fileID: 0}
  m_PrefabInstance: {fileID: 0}
  m_PrefabAsset: {fileID: 0}
  serializedVersion: 6
  m_Component:
  - component: {fileID: 3199234433168532604}
  m_Layer: 10
  m_Name: PF Village Props - Wheelbarrow
  m_TagString: Untagged
  m_Icon: {fileID: 0}
  m_NavMeshLayer: 0
  m_StaticEditorFlags: 0
  m_IsActive: 1
--- !u!4 &3199234433168532604
Transform:
  m_ObjectHideFlags: 0
  m_CorrespondingSourceObject: {fileID: 0}
  m_PrefabInstance: {fileID: 0}
  m_PrefabAsset: {fileID: 0}
  m_GameObject: {fileID: 3199234433168532602}
  m_LocalRotation: {x: 0, y: 0, z: 0, w: 1}
  m_LocalPosition: {x: 0, y: 0, z: 0}
  m_LocalScale: {x: 1, y: 1, z: 1}
  m_Children:
  - {fileID: 7644707083951969194}
  - {fileID: 3199234433696566348}
  - {fileID: 7892187240393265165}
  - {fileID: 5340538106769357778}
  - {fileID: 1982730159278387506}
  - {fileID: 4596042307354895942}
  - {fileID: 7892187242333907400}
  - {fileID: 4596042306594568632}
  m_Father: {fileID: 0}
  m_RootOrder: 0
  m_LocalEulerAnglesHint: {x: 0, y: 0, z: 0}
--- !u!1 &3199234433696566346
GameObject:
  m_ObjectHideFlags: 0
  m_CorrespondingSourceObject: {fileID: 0}
  m_PrefabInstance: {fileID: 0}
  m_PrefabAsset: {fileID: 0}
  serializedVersion: 6
  m_Component:
  - component: {fileID: 3199234433696566348}
  - component: {fileID: 3199234433696566349}
  - component: {fileID: 718169253}
  m_Layer: 10
  m_Name: TX Village Props Wheelbarrow Wheel
  m_TagString: Untagged
  m_Icon: {fileID: 0}
  m_NavMeshLayer: 0
  m_StaticEditorFlags: 0
  m_IsActive: 1
--- !u!4 &3199234433696566348
Transform:
  m_ObjectHideFlags: 0
  m_CorrespondingSourceObject: {fileID: 0}
  m_PrefabInstance: {fileID: 0}
  m_PrefabAsset: {fileID: 0}
  m_GameObject: {fileID: 3199234433696566346}
  m_LocalRotation: {x: 0, y: 0, z: 0, w: 1}
  m_LocalPosition: {x: -1.216, y: -0.142, z: -0.08}
  m_LocalScale: {x: 1, y: 1, z: 1}
  m_Children: []
  m_Father: {fileID: 3199234433168532604}
  m_RootOrder: 1
  m_LocalEulerAnglesHint: {x: 0, y: 0, z: 0}
--- !u!212 &3199234433696566349
SpriteRenderer:
  m_ObjectHideFlags: 0
  m_CorrespondingSourceObject: {fileID: 0}
  m_PrefabInstance: {fileID: 0}
  m_PrefabAsset: {fileID: 0}
  m_GameObject: {fileID: 3199234433696566346}
  m_Enabled: 1
  m_CastShadows: 0
  m_ReceiveShadows: 0
  m_DynamicOccludee: 1
  m_MotionVectors: 1
  m_LightProbeUsage: 1
  m_ReflectionProbeUsage: 1
  m_RayTracingMode: 0
  m_RayTraceProcedural: 0
  m_RenderingLayerMask: 1
  m_RendererPriority: 0
  m_Materials:
  - {fileID: 2100000, guid: 014095a0ff976c9478d39b72d0bbe6db, type: 2}
  m_StaticBatchInfo:
    firstSubMesh: 0
    subMeshCount: 0
  m_StaticBatchRoot: {fileID: 0}
  m_ProbeAnchor: {fileID: 0}
  m_LightProbeVolumeOverride: {fileID: 0}
  m_ScaleInLightmap: 1
  m_ReceiveGI: 1
  m_PreserveUVs: 0
  m_IgnoreNormalsForChartDetection: 0
  m_ImportantGI: 0
  m_StitchLightmapSeams: 0
  m_SelectedEditorRenderState: 0
  m_MinimumChartSize: 4
  m_AutoUVMaxDistance: 0.5
  m_AutoUVMaxAngle: 89
  m_LightmapParameters: {fileID: 0}
  m_SortingLayerID: -730795765
  m_SortingLayer: 4
  m_SortingOrder: 0
  m_Sprite: {fileID: 21300118, guid: 7810966f0f690954c87305933cabf2b0, type: 3}
  m_Color: {r: 1, g: 1, b: 1, a: 1}
  m_FlipX: 0
  m_FlipY: 0
  m_DrawMode: 0
  m_Size: {x: 1, y: 1}
  m_AdaptiveModeThreshold: 0.5
  m_SpriteTileMode: 0
  m_WasSpriteAssigned: 1
  m_MaskInteraction: 0
  m_SpriteSortPoint: 0
--- !u!61 &718169253
BoxCollider2D:
  m_ObjectHideFlags: 0
  m_CorrespondingSourceObject: {fileID: 0}
  m_PrefabInstance: {fileID: 0}
  m_PrefabAsset: {fileID: 0}
  m_GameObject: {fileID: 3199234433696566346}
  m_Enabled: 1
  m_Density: 1
  m_Material: {fileID: 0}
  m_IsTrigger: 0
  m_UsedByEffector: 0
  m_UsedByComposite: 0
  m_Offset: {x: 0, y: 0}
  m_SpriteTilingProperty:
    border: {x: 0, y: 0, z: 0, w: 0}
    pivot: {x: 0.5, y: 0.5}
    oldSize: {x: 1, y: 1}
    newSize: {x: 1, y: 1}
    adaptiveTilingThreshold: 0.5
    drawMode: 0
    adaptiveTiling: 0
  m_AutoTiling: 0
  serializedVersion: 2
  m_Size: {x: 1, y: 1}
  m_EdgeRadius: 0
--- !u!61 &1670327395
BoxCollider2D:
  m_ObjectHideFlags: 0
  m_CorrespondingSourceObject: {fileID: 0}
  m_PrefabInstance: {fileID: 0}
  m_PrefabAsset: {fileID: 0}
  m_GameObject: {fileID: 4596042306594568634}
  m_Enabled: 1
  m_Density: 1
  m_Material: {fileID: 0}
  m_IsTrigger: 0
  m_UsedByEffector: 0
  m_UsedByComposite: 0
  m_Offset: {x: 0, y: 0.203125}
  m_SpriteTilingProperty:
    border: {x: 0, y: 0, z: 0, w: 0}
    pivot: {x: 0.5, y: 0}
    oldSize: {x: 0.6875, y: 0.40625}
    newSize: {x: 0.6875, y: 0.40625}
    adaptiveTilingThreshold: 0.5
    drawMode: 0
    adaptiveTiling: 0
  m_AutoTiling: 0
  serializedVersion: 2
  m_Size: {x: 0.6875, y: 0.40625}
  m_EdgeRadius: 0
--- !u!61 &900141686
BoxCollider2D:
  m_ObjectHideFlags: 0
  m_CorrespondingSourceObject: {fileID: 0}
  m_PrefabInstance: {fileID: 0}
  m_PrefabAsset: {fileID: 0}
  m_GameObject: {fileID: 4596042307354895940}
  m_Enabled: 1
  m_Density: 1
  m_Material: {fileID: 0}
  m_IsTrigger: 0
  m_UsedByEffector: 0
  m_UsedByComposite: 0
  m_Offset: {x: 0, y: 0.203125}
  m_SpriteTilingProperty:
    border: {x: 0, y: 0, z: 0, w: 0}
    pivot: {x: 0.5, y: 0}
    oldSize: {x: 0.6875, y: 0.40625}
    newSize: {x: 0.6875, y: 0.40625}
    adaptiveTilingThreshold: 0.5
    drawMode: 0
    adaptiveTiling: 0
  m_AutoTiling: 0
  serializedVersion: 2
  m_Size: {x: 0.6875, y: 0.40625}
  m_EdgeRadius: 0
--- !u!61 &718169251
BoxCollider2D:
  m_ObjectHideFlags: 0
  m_CorrespondingSourceObject: {fileID: 0}
  m_PrefabInstance: {fileID: 0}
  m_PrefabAsset: {fileID: 0}
  m_GameObject: {fileID: 5340538106769357781}
  m_Enabled: 1
  m_Density: 1
  m_Material: {fileID: 0}
  m_IsTrigger: 0
  m_UsedByEffector: 0
  m_UsedByComposite: 0
  m_Offset: {x: 0, y: 0.703125}
  m_SpriteTilingProperty:
    border: {x: 0, y: 0, z: 0, w: 0}
    pivot: {x: 0.5, y: 0}
    oldSize: {x: 1.40625, y: 1.40625}
    newSize: {x: 1.40625, y: 1.40625}
    adaptiveTilingThreshold: 0.5
    drawMode: 0
    adaptiveTiling: 0
  m_AutoTiling: 0
  serializedVersion: 2
  m_Size: {x: 1.40625, y: 1.40625}
  m_EdgeRadius: 0
--- !u!61 &718169252
BoxCollider2D:
  m_ObjectHideFlags: 0
  m_CorrespondingSourceObject: {fileID: 0}
  m_PrefabInstance: {fileID: 0}
  m_PrefabAsset: {fileID: 0}
  m_GameObject: {fileID: 7892187240393265155}
  m_Enabled: 1
  m_Density: 1
  m_Material: {fileID: 0}
  m_IsTrigger: 0
  m_UsedByEffector: 0
  m_UsedByComposite: 0
  m_Offset: {x: 0.5, y: -0.34375}
  m_SpriteTilingProperty:
    border: {x: 0, y: 0, z: 0.46875, w: 0}
    pivot: {x: 0, y: 1}
    oldSize: {x: 1, y: 0.6875}
    newSize: {x: 1, y: 0.65625}
    adaptiveTilingThreshold: 0.5
    drawMode: 1
    adaptiveTiling: 0
  m_AutoTiling: 0
  serializedVersion: 2
  m_Size: {x: 1, y: 0.6875}
  m_EdgeRadius: 0
--- !u!61 &802279387
BoxCollider2D:
  m_ObjectHideFlags: 0
  m_CorrespondingSourceObject: {fileID: 0}
  m_PrefabInstance: {fileID: 0}
  m_PrefabAsset: {fileID: 0}
  m_GameObject: {fileID: 7892187242333907398}
  m_Enabled: 1
  m_Density: 1
  m_Material: {fileID: 0}
  m_IsTrigger: 0
  m_UsedByEffector: 0
  m_UsedByComposite: 0
  m_Offset: {x: 0.5, y: -0.34375}
  m_SpriteTilingProperty:
    border: {x: 0, y: 0, z: 0.46875, w: 0}
    pivot: {x: 0, y: 1}
    oldSize: {x: 1, y: 0.6875}
    newSize: {x: 1, y: 0.65625}
    adaptiveTilingThreshold: 0.5
    drawMode: 1
    adaptiveTiling: 0
  m_AutoTiling: 0
  serializedVersion: 2
  m_Size: {x: 1, y: 0.6875}
  m_EdgeRadius: 0
--- !u!1001 &896560788
PrefabInstance:
  m_ObjectHideFlags: 0
  serializedVersion: 2
  m_Modification:
    m_TransformParent: {fileID: 3199234433168532604}
    m_Modifications:
    - target: {fileID: 7892187241615640402, guid: e3923ce12ac7289418d3157a9b65dfa6, type: 3}
      propertyPath: m_Name
      value: PF Village Props - Platform R
      objectReference: {fileID: 0}
    - target: {fileID: 7892187241615640402, guid: e3923ce12ac7289418d3157a9b65dfa6, type: 3}
      propertyPath: m_Layer
      value: 10
      objectReference: {fileID: 0}
    - target: {fileID: 7892187241615640412, guid: e3923ce12ac7289418d3157a9b65dfa6, type: 3}
      propertyPath: m_RootOrder
      value: 6
      objectReference: {fileID: 0}
    - target: {fileID: 7892187241615640412, guid: e3923ce12ac7289418d3157a9b65dfa6, type: 3}
      propertyPath: m_LocalPosition.x
      value: -2.956
      objectReference: {fileID: 0}
    - target: {fileID: 7892187241615640412, guid: e3923ce12ac7289418d3157a9b65dfa6, type: 3}
      propertyPath: m_LocalPosition.y
      value: 0.659
      objectReference: {fileID: 0}
    - target: {fileID: 7892187241615640412, guid: e3923ce12ac7289418d3157a9b65dfa6, type: 3}
      propertyPath: m_LocalPosition.z
      value: 0
      objectReference: {fileID: 0}
    - target: {fileID: 7892187241615640412, guid: e3923ce12ac7289418d3157a9b65dfa6, type: 3}
      propertyPath: m_LocalRotation.w
      value: 1
      objectReference: {fileID: 0}
    - target: {fileID: 7892187241615640412, guid: e3923ce12ac7289418d3157a9b65dfa6, type: 3}
      propertyPath: m_LocalRotation.x
      value: 0
      objectReference: {fileID: 0}
    - target: {fileID: 7892187241615640412, guid: e3923ce12ac7289418d3157a9b65dfa6, type: 3}
      propertyPath: m_LocalRotation.y
      value: 0
      objectReference: {fileID: 0}
    - target: {fileID: 7892187241615640412, guid: e3923ce12ac7289418d3157a9b65dfa6, type: 3}
      propertyPath: m_LocalRotation.z
      value: 0
      objectReference: {fileID: 0}
    - target: {fileID: 7892187241615640412, guid: e3923ce12ac7289418d3157a9b65dfa6, type: 3}
      propertyPath: m_LocalEulerAnglesHint.x
      value: 0
      objectReference: {fileID: 0}
    - target: {fileID: 7892187241615640412, guid: e3923ce12ac7289418d3157a9b65dfa6, type: 3}
      propertyPath: m_LocalEulerAnglesHint.y
      value: 0
      objectReference: {fileID: 0}
    - target: {fileID: 7892187241615640412, guid: e3923ce12ac7289418d3157a9b65dfa6, type: 3}
      propertyPath: m_LocalEulerAnglesHint.z
      value: 0
      objectReference: {fileID: 0}
    - target: {fileID: 7892187241615640413, guid: e3923ce12ac7289418d3157a9b65dfa6, type: 3}
      propertyPath: m_SortingLayer
      value: 4
      objectReference: {fileID: 0}
    - target: {fileID: 7892187241615640413, guid: e3923ce12ac7289418d3157a9b65dfa6, type: 3}
      propertyPath: m_SortingOrder
      value: 0
      objectReference: {fileID: 0}
    - target: {fileID: 7892187241615640413, guid: e3923ce12ac7289418d3157a9b65dfa6, type: 3}
      propertyPath: m_SortingLayerID
      value: -730795765
      objectReference: {fileID: 0}
    - target: {fileID: 7892187241615640413, guid: e3923ce12ac7289418d3157a9b65dfa6, type: 3}
      propertyPath: m_Materials.Array.data[0]
      value: 
      objectReference: {fileID: 2100000, guid: 014095a0ff976c9478d39b72d0bbe6db, type: 2}
    m_RemovedComponents: []
  m_SourcePrefab: {fileID: 100100000, guid: e3923ce12ac7289418d3157a9b65dfa6, type: 3}
--- !u!1 &7892187242333907398 stripped
GameObject:
  m_CorrespondingSourceObject: {fileID: 7892187241615640402, guid: e3923ce12ac7289418d3157a9b65dfa6, type: 3}
  m_PrefabInstance: {fileID: 896560788}
  m_PrefabAsset: {fileID: 0}
--- !u!4 &7892187242333907400 stripped
Transform:
  m_CorrespondingSourceObject: {fileID: 7892187241615640412, guid: e3923ce12ac7289418d3157a9b65dfa6, type: 3}
  m_PrefabInstance: {fileID: 896560788}
  m_PrefabAsset: {fileID: 0}
--- !u!1001 &1239160657
PrefabInstance:
  m_ObjectHideFlags: 0
  serializedVersion: 2
  m_Modification:
    m_TransformParent: {fileID: 3199234433168532604}
    m_Modifications:
    - target: {fileID: 7892187241615640402, guid: e3923ce12ac7289418d3157a9b65dfa6, type: 3}
      propertyPath: m_Name
      value: PF Village Props - Platform R
      objectReference: {fileID: 0}
    - target: {fileID: 7892187241615640402, guid: e3923ce12ac7289418d3157a9b65dfa6, type: 3}
      propertyPath: m_Layer
      value: 10
      objectReference: {fileID: 0}
    - target: {fileID: 7892187241615640412, guid: e3923ce12ac7289418d3157a9b65dfa6, type: 3}
      propertyPath: m_RootOrder
      value: 2
      objectReference: {fileID: 0}
    - target: {fileID: 7892187241615640412, guid: e3923ce12ac7289418d3157a9b65dfa6, type: 3}
      propertyPath: m_LocalPosition.x
      value: -2.956
      objectReference: {fileID: 0}
    - target: {fileID: 7892187241615640412, guid: e3923ce12ac7289418d3157a9b65dfa6, type: 3}
      propertyPath: m_LocalPosition.y
      value: 0.659
      objectReference: {fileID: 0}
    - target: {fileID: 7892187241615640412, guid: e3923ce12ac7289418d3157a9b65dfa6, type: 3}
      propertyPath: m_LocalPosition.z
      value: 0
      objectReference: {fileID: 0}
    - target: {fileID: 7892187241615640412, guid: e3923ce12ac7289418d3157a9b65dfa6, type: 3}
      propertyPath: m_LocalRotation.w
      value: 1
      objectReference: {fileID: 0}
    - target: {fileID: 7892187241615640412, guid: e3923ce12ac7289418d3157a9b65dfa6, type: 3}
      propertyPath: m_LocalRotation.x
      value: 0
      objectReference: {fileID: 0}
    - target: {fileID: 7892187241615640412, guid: e3923ce12ac7289418d3157a9b65dfa6, type: 3}
      propertyPath: m_LocalRotation.y
      value: 0
      objectReference: {fileID: 0}
    - target: {fileID: 7892187241615640412, guid: e3923ce12ac7289418d3157a9b65dfa6, type: 3}
      propertyPath: m_LocalRotation.z
      value: 0
      objectReference: {fileID: 0}
    - target: {fileID: 7892187241615640412, guid: e3923ce12ac7289418d3157a9b65dfa6, type: 3}
      propertyPath: m_LocalEulerAnglesHint.x
      value: 0
      objectReference: {fileID: 0}
    - target: {fileID: 7892187241615640412, guid: e3923ce12ac7289418d3157a9b65dfa6, type: 3}
      propertyPath: m_LocalEulerAnglesHint.y
      value: 0
      objectReference: {fileID: 0}
    - target: {fileID: 7892187241615640412, guid: e3923ce12ac7289418d3157a9b65dfa6, type: 3}
      propertyPath: m_LocalEulerAnglesHint.z
      value: 0
      objectReference: {fileID: 0}
    - target: {fileID: 7892187241615640413, guid: e3923ce12ac7289418d3157a9b65dfa6, type: 3}
      propertyPath: m_SortingLayer
      value: 4
      objectReference: {fileID: 0}
    - target: {fileID: 7892187241615640413, guid: e3923ce12ac7289418d3157a9b65dfa6, type: 3}
      propertyPath: m_SortingOrder
      value: 0
      objectReference: {fileID: 0}
    - target: {fileID: 7892187241615640413, guid: e3923ce12ac7289418d3157a9b65dfa6, type: 3}
      propertyPath: m_SortingLayerID
      value: -730795765
      objectReference: {fileID: 0}
    - target: {fileID: 7892187241615640413, guid: e3923ce12ac7289418d3157a9b65dfa6, type: 3}
      propertyPath: m_Materials.Array.data[0]
      value: 
      objectReference: {fileID: 2100000, guid: 014095a0ff976c9478d39b72d0bbe6db, type: 2}
    m_RemovedComponents: []
  m_SourcePrefab: {fileID: 100100000, guid: e3923ce12ac7289418d3157a9b65dfa6, type: 3}
--- !u!1 &7892187240393265155 stripped
GameObject:
  m_CorrespondingSourceObject: {fileID: 7892187241615640402, guid: e3923ce12ac7289418d3157a9b65dfa6, type: 3}
  m_PrefabInstance: {fileID: 1239160657}
  m_PrefabAsset: {fileID: 0}
--- !u!4 &7892187240393265165 stripped
Transform:
  m_CorrespondingSourceObject: {fileID: 7892187241615640412, guid: e3923ce12ac7289418d3157a9b65dfa6, type: 3}
  m_PrefabInstance: {fileID: 1239160657}
  m_PrefabAsset: {fileID: 0}
--- !u!1001 &1372675131
PrefabInstance:
  m_ObjectHideFlags: 0
  serializedVersion: 2
  m_Modification:
    m_TransformParent: {fileID: 3199234433168532604}
    m_Modifications:
    - target: {fileID: 4596042308710791805, guid: 33765db783031c64eb242d22002b9a55, type: 3}
      propertyPath: m_RootOrder
      value: 5
      objectReference: {fileID: 0}
    - target: {fileID: 4596042308710791805, guid: 33765db783031c64eb242d22002b9a55, type: 3}
      propertyPath: m_LocalPosition.x
      value: -2.363
      objectReference: {fileID: 0}
    - target: {fileID: 4596042308710791805, guid: 33765db783031c64eb242d22002b9a55, type: 3}
      propertyPath: m_LocalPosition.y
      value: 0.632
      objectReference: {fileID: 0}
    - target: {fileID: 4596042308710791805, guid: 33765db783031c64eb242d22002b9a55, type: 3}
      propertyPath: m_LocalPosition.z
      value: 0
      objectReference: {fileID: 0}
    - target: {fileID: 4596042308710791805, guid: 33765db783031c64eb242d22002b9a55, type: 3}
      propertyPath: m_LocalRotation.w
      value: 1
      objectReference: {fileID: 0}
    - target: {fileID: 4596042308710791805, guid: 33765db783031c64eb242d22002b9a55, type: 3}
      propertyPath: m_LocalRotation.x
      value: 0
      objectReference: {fileID: 0}
    - target: {fileID: 4596042308710791805, guid: 33765db783031c64eb242d22002b9a55, type: 3}
      propertyPath: m_LocalRotation.y
      value: 0
      objectReference: {fileID: 0}
    - target: {fileID: 4596042308710791805, guid: 33765db783031c64eb242d22002b9a55, type: 3}
      propertyPath: m_LocalRotation.z
      value: 0
      objectReference: {fileID: 0}
    - target: {fileID: 4596042308710791805, guid: 33765db783031c64eb242d22002b9a55, type: 3}
      propertyPath: m_LocalEulerAnglesHint.x
      value: 0
      objectReference: {fileID: 0}
    - target: {fileID: 4596042308710791805, guid: 33765db783031c64eb242d22002b9a55, type: 3}
      propertyPath: m_LocalEulerAnglesHint.y
      value: 0
      objectReference: {fileID: 0}
    - target: {fileID: 4596042308710791805, guid: 33765db783031c64eb242d22002b9a55, type: 3}
      propertyPath: m_LocalEulerAnglesHint.z
      value: 0
      objectReference: {fileID: 0}
    - target: {fileID: 4596042308710791806, guid: 33765db783031c64eb242d22002b9a55, type: 3}
      propertyPath: m_SortingLayer
      value: 4
      objectReference: {fileID: 0}
    - target: {fileID: 4596042308710791806, guid: 33765db783031c64eb242d22002b9a55, type: 3}
      propertyPath: m_SortingLayerID
      value: -730795765
      objectReference: {fileID: 0}
    - target: {fileID: 4596042308710791806, guid: 33765db783031c64eb242d22002b9a55, type: 3}
      propertyPath: m_Materials.Array.data[0]
      value: 
      objectReference: {fileID: 2100000, guid: 014095a0ff976c9478d39b72d0bbe6db, type: 2}
    - target: {fileID: 4596042308710791807, guid: 33765db783031c64eb242d22002b9a55, type: 3}
      propertyPath: m_Name
      value: PF Village Props - Basket
      objectReference: {fileID: 0}
    - target: {fileID: 4596042308710791807, guid: 33765db783031c64eb242d22002b9a55, type: 3}
      propertyPath: m_Layer
      value: 10
      objectReference: {fileID: 0}
    m_RemovedComponents: []
  m_SourcePrefab: {fileID: 100100000, guid: 33765db783031c64eb242d22002b9a55, type: 3}
--- !u!1 &4596042307354895940 stripped
GameObject:
  m_CorrespondingSourceObject: {fileID: 4596042308710791807, guid: 33765db783031c64eb242d22002b9a55, type: 3}
  m_PrefabInstance: {fileID: 1372675131}
  m_PrefabAsset: {fileID: 0}
--- !u!4 &4596042307354895942 stripped
Transform:
  m_CorrespondingSourceObject: {fileID: 4596042308710791805, guid: 33765db783031c64eb242d22002b9a55, type: 3}
  m_PrefabInstance: {fileID: 1372675131}
  m_PrefabAsset: {fileID: 0}
--- !u!1001 &1586579561
PrefabInstance:
  m_ObjectHideFlags: 0
  serializedVersion: 2
  m_Modification:
    m_TransformParent: {fileID: 3199234433168532604}
    m_Modifications:
    - target: {fileID: 1988642593, guid: 3f221dff797bcc04f93920ab6fb086c5, type: 3}
      propertyPath: m_Mesh
      value: 
      objectReference: {fileID: 0}
    - target: {fileID: 1988642593, guid: 3f221dff797bcc04f93920ab6fb086c5, type: 3}
      propertyPath: m_InstanceId
      value: -55718
      objectReference: {fileID: 0}
    - target: {fileID: 1982730160460052825, guid: 3f221dff797bcc04f93920ab6fb086c5, type: 3}
      propertyPath: m_Name
      value: PF Village Props - Hay Fork
      objectReference: {fileID: 0}
    - target: {fileID: 1982730160460052825, guid: 3f221dff797bcc04f93920ab6fb086c5, type: 3}
      propertyPath: m_Layer
      value: 10
      objectReference: {fileID: 0}
    - target: {fileID: 1982730160460052826, guid: 3f221dff797bcc04f93920ab6fb086c5, type: 3}
      propertyPath: m_SortingLayer
      value: 4
      objectReference: {fileID: 0}
    - target: {fileID: 1982730160460052826, guid: 3f221dff797bcc04f93920ab6fb086c5, type: 3}
      propertyPath: m_SortingOrder
      value: -1
      objectReference: {fileID: 0}
    - target: {fileID: 1982730160460052826, guid: 3f221dff797bcc04f93920ab6fb086c5, type: 3}
      propertyPath: m_SortingLayerID
      value: -730795765
      objectReference: {fileID: 0}
    - target: {fileID: 1982730160460052826, guid: 3f221dff797bcc04f93920ab6fb086c5, type: 3}
      propertyPath: m_Materials.Array.data[0]
      value: 
      objectReference: {fileID: 2100000, guid: 014095a0ff976c9478d39b72d0bbe6db, type: 2}
    - target: {fileID: 1982730160460052827, guid: 3f221dff797bcc04f93920ab6fb086c5, type: 3}
      propertyPath: m_RootOrder
      value: 4
      objectReference: {fileID: 0}
    - target: {fileID: 1982730160460052827, guid: 3f221dff797bcc04f93920ab6fb086c5, type: 3}
      propertyPath: m_LocalPosition.x
      value: -1.98
      objectReference: {fileID: 0}
    - target: {fileID: 1982730160460052827, guid: 3f221dff797bcc04f93920ab6fb086c5, type: 3}
      propertyPath: m_LocalPosition.y
      value: 0.846
      objectReference: {fileID: 0}
    - target: {fileID: 1982730160460052827, guid: 3f221dff797bcc04f93920ab6fb086c5, type: 3}
      propertyPath: m_LocalPosition.z
      value: 0
      objectReference: {fileID: 0}
    - target: {fileID: 1982730160460052827, guid: 3f221dff797bcc04f93920ab6fb086c5, type: 3}
      propertyPath: m_LocalRotation.w
      value: 0.48037422
      objectReference: {fileID: 0}
    - target: {fileID: 1982730160460052827, guid: 3f221dff797bcc04f93920ab6fb086c5, type: 3}
      propertyPath: m_LocalRotation.x
      value: -0
      objectReference: {fileID: 0}
    - target: {fileID: 1982730160460052827, guid: 3f221dff797bcc04f93920ab6fb086c5, type: 3}
      propertyPath: m_LocalRotation.y
      value: -0
      objectReference: {fileID: 0}
    - target: {fileID: 1982730160460052827, guid: 3f221dff797bcc04f93920ab6fb086c5, type: 3}
      propertyPath: m_LocalRotation.z
      value: 0.8770637
      objectReference: {fileID: 0}
    - target: {fileID: 1982730160460052827, guid: 3f221dff797bcc04f93920ab6fb086c5, type: 3}
      propertyPath: m_LocalEulerAnglesHint.x
      value: 0
      objectReference: {fileID: 0}
    - target: {fileID: 1982730160460052827, guid: 3f221dff797bcc04f93920ab6fb086c5, type: 3}
      propertyPath: m_LocalEulerAnglesHint.y
      value: 0
      objectReference: {fileID: 0}
    - target: {fileID: 1982730160460052827, guid: 3f221dff797bcc04f93920ab6fb086c5, type: 3}
      propertyPath: m_LocalEulerAnglesHint.z
      value: 122.58
      objectReference: {fileID: 0}
    m_RemovedComponents:
    - {fileID: 5263704151942792085, guid: 3f221dff797bcc04f93920ab6fb086c5, type: 3}
  m_SourcePrefab: {fileID: 100100000, guid: 3f221dff797bcc04f93920ab6fb086c5, type: 3}
--- !u!1 &1982730159278387504 stripped
GameObject:
  m_CorrespondingSourceObject: {fileID: 1982730160460052825, guid: 3f221dff797bcc04f93920ab6fb086c5, type: 3}
  m_PrefabInstance: {fileID: 1586579561}
  m_PrefabAsset: {fileID: 0}
--- !u!4 &1982730159278387506 stripped
Transform:
  m_CorrespondingSourceObject: {fileID: 1982730160460052827, guid: 3f221dff797bcc04f93920ab6fb086c5, type: 3}
  m_PrefabInstance: {fileID: 1586579561}
  m_PrefabAsset: {fileID: 0}
--- !u!1001 &1599360424
PrefabInstance:
  m_ObjectHideFlags: 0
  serializedVersion: 2
  m_Modification:
    m_TransformParent: {fileID: 3199234433168532604}
    m_Modifications:
    - target: {fileID: 5340538105306347130, guid: 78538c3cab4610f4d914a10e71bdf46b, type: 3}
      propertyPath: m_RootOrder
      value: 3
      objectReference: {fileID: 0}
    - target: {fileID: 5340538105306347130, guid: 78538c3cab4610f4d914a10e71bdf46b, type: 3}
      propertyPath: m_LocalPosition.x
      value: -0.958
      objectReference: {fileID: 0}
    - target: {fileID: 5340538105306347130, guid: 78538c3cab4610f4d914a10e71bdf46b, type: 3}
      propertyPath: m_LocalPosition.y
      value: -0
      objectReference: {fileID: 0}
    - target: {fileID: 5340538105306347130, guid: 78538c3cab4610f4d914a10e71bdf46b, type: 3}
      propertyPath: m_LocalPosition.z
      value: 0
      objectReference: {fileID: 0}
    - target: {fileID: 5340538105306347130, guid: 78538c3cab4610f4d914a10e71bdf46b, type: 3}
      propertyPath: m_LocalRotation.w
      value: 1
      objectReference: {fileID: 0}
    - target: {fileID: 5340538105306347130, guid: 78538c3cab4610f4d914a10e71bdf46b, type: 3}
      propertyPath: m_LocalRotation.x
      value: 0
      objectReference: {fileID: 0}
    - target: {fileID: 5340538105306347130, guid: 78538c3cab4610f4d914a10e71bdf46b, type: 3}
      propertyPath: m_LocalRotation.y
      value: 0
      objectReference: {fileID: 0}
    - target: {fileID: 5340538105306347130, guid: 78538c3cab4610f4d914a10e71bdf46b, type: 3}
      propertyPath: m_LocalRotation.z
      value: 0
      objectReference: {fileID: 0}
    - target: {fileID: 5340538105306347130, guid: 78538c3cab4610f4d914a10e71bdf46b, type: 3}
      propertyPath: m_LocalEulerAnglesHint.x
      value: 0
      objectReference: {fileID: 0}
    - target: {fileID: 5340538105306347130, guid: 78538c3cab4610f4d914a10e71bdf46b, type: 3}
      propertyPath: m_LocalEulerAnglesHint.y
      value: 0
      objectReference: {fileID: 0}
    - target: {fileID: 5340538105306347130, guid: 78538c3cab4610f4d914a10e71bdf46b, type: 3}
      propertyPath: m_LocalEulerAnglesHint.z
      value: 0
      objectReference: {fileID: 0}
    - target: {fileID: 5340538105306347131, guid: 78538c3cab4610f4d914a10e71bdf46b, type: 3}
      propertyPath: m_Materials.Array.data[0]
      value: 
      objectReference: {fileID: 2100000, guid: 014095a0ff976c9478d39b72d0bbe6db, type: 2}
    - target: {fileID: 5340538105306347133, guid: 78538c3cab4610f4d914a10e71bdf46b, type: 3}
      propertyPath: m_Name
      value: PF Village Props - Crate Large
      objectReference: {fileID: 0}
    - target: {fileID: 5340538105306347133, guid: 78538c3cab4610f4d914a10e71bdf46b, type: 3}
      propertyPath: m_Layer
      value: 10
      objectReference: {fileID: 0}
    m_RemovedComponents: []
  m_SourcePrefab: {fileID: 100100000, guid: 78538c3cab4610f4d914a10e71bdf46b, type: 3}
--- !u!4 &5340538106769357778 stripped
Transform:
  m_CorrespondingSourceObject: {fileID: 5340538105306347130, guid: 78538c3cab4610f4d914a10e71bdf46b, type: 3}
  m_PrefabInstance: {fileID: 1599360424}
  m_PrefabAsset: {fileID: 0}
--- !u!1 &5340538106769357781 stripped
GameObject:
  m_CorrespondingSourceObject: {fileID: 5340538105306347133, guid: 78538c3cab4610f4d914a10e71bdf46b, type: 3}
  m_PrefabInstance: {fileID: 1599360424}
  m_PrefabAsset: {fileID: 0}
--- !u!1001 &2120418245
PrefabInstance:
  m_ObjectHideFlags: 0
  serializedVersion: 2
  m_Modification:
    m_TransformParent: {fileID: 3199234433168532604}
    m_Modifications:
    - target: {fileID: 4596042308710791805, guid: 33765db783031c64eb242d22002b9a55, type: 3}
      propertyPath: m_RootOrder
      value: 7
      objectReference: {fileID: 0}
    - target: {fileID: 4596042308710791805, guid: 33765db783031c64eb242d22002b9a55, type: 3}
      propertyPath: m_LocalPosition.x
      value: -2.363
      objectReference: {fileID: 0}
    - target: {fileID: 4596042308710791805, guid: 33765db783031c64eb242d22002b9a55, type: 3}
      propertyPath: m_LocalPosition.y
      value: 0.632
      objectReference: {fileID: 0}
    - target: {fileID: 4596042308710791805, guid: 33765db783031c64eb242d22002b9a55, type: 3}
      propertyPath: m_LocalPosition.z
      value: 0
      objectReference: {fileID: 0}
    - target: {fileID: 4596042308710791805, guid: 33765db783031c64eb242d22002b9a55, type: 3}
      propertyPath: m_LocalRotation.w
      value: 1
      objectReference: {fileID: 0}
    - target: {fileID: 4596042308710791805, guid: 33765db783031c64eb242d22002b9a55, type: 3}
      propertyPath: m_LocalRotation.x
      value: 0
      objectReference: {fileID: 0}
    - target: {fileID: 4596042308710791805, guid: 33765db783031c64eb242d22002b9a55, type: 3}
      propertyPath: m_LocalRotation.y
      value: 0
      objectReference: {fileID: 0}
    - target: {fileID: 4596042308710791805, guid: 33765db783031c64eb242d22002b9a55, type: 3}
      propertyPath: m_LocalRotation.z
      value: 0
      objectReference: {fileID: 0}
    - target: {fileID: 4596042308710791805, guid: 33765db783031c64eb242d22002b9a55, type: 3}
      propertyPath: m_LocalEulerAnglesHint.x
      value: 0
      objectReference: {fileID: 0}
    - target: {fileID: 4596042308710791805, guid: 33765db783031c64eb242d22002b9a55, type: 3}
      propertyPath: m_LocalEulerAnglesHint.y
      value: 0
      objectReference: {fileID: 0}
    - target: {fileID: 4596042308710791805, guid: 33765db783031c64eb242d22002b9a55, type: 3}
      propertyPath: m_LocalEulerAnglesHint.z
      value: 0
      objectReference: {fileID: 0}
    - target: {fileID: 4596042308710791806, guid: 33765db783031c64eb242d22002b9a55, type: 3}
      propertyPath: m_SortingLayer
      value: 4
      objectReference: {fileID: 0}
    - target: {fileID: 4596042308710791806, guid: 33765db783031c64eb242d22002b9a55, type: 3}
      propertyPath: m_SortingLayerID
      value: -730795765
      objectReference: {fileID: 0}
    - target: {fileID: 4596042308710791806, guid: 33765db783031c64eb242d22002b9a55, type: 3}
      propertyPath: m_Materials.Array.data[0]
      value: 
      objectReference: {fileID: 2100000, guid: 014095a0ff976c9478d39b72d0bbe6db, type: 2}
    - target: {fileID: 4596042308710791807, guid: 33765db783031c64eb242d22002b9a55, type: 3}
      propertyPath: m_Name
      value: PF Village Props - Basket
      objectReference: {fileID: 0}
    - target: {fileID: 4596042308710791807, guid: 33765db783031c64eb242d22002b9a55, type: 3}
      propertyPath: m_Layer
      value: 10
      objectReference: {fileID: 0}
    m_RemovedComponents: []
  m_SourcePrefab: {fileID: 100100000, guid: 33765db783031c64eb242d22002b9a55, type: 3}
--- !u!1 &4596042306594568634 stripped
GameObject:
  m_CorrespondingSourceObject: {fileID: 4596042308710791807, guid: 33765db783031c64eb242d22002b9a55, type: 3}
  m_PrefabInstance: {fileID: 2120418245}
  m_PrefabAsset: {fileID: 0}
--- !u!4 &4596042306594568632 stripped
Transform:
  m_CorrespondingSourceObject: {fileID: 4596042308710791805, guid: 33765db783031c64eb242d22002b9a55, type: 3}
  m_PrefabInstance: {fileID: 2120418245}
  m_PrefabAsset: {fileID: 0}
