%YAML 1.1
%TAG !u! tag:unity3d.com,2011:
--- !u!1 &4159782733121176924
GameObject:
  m_ObjectHideFlags: 0
  m_CorrespondingSourceObject: {fileID: 0}
  m_PrefabInstance: {fileID: 0}
  m_PrefabAsset: {fileID: 0}
  serializedVersion: 6
  m_Component:
  - component: {fileID: 3401552089610149540}
  m_Layer: 9
  m_Name: CheckGround
  m_TagString: Untagged
  m_Icon: {fileID: 0}
  m_NavMeshLayer: 0
  m_StaticEditorFlags: 0
  m_IsActive: 1
--- !u!4 &3401552089610149540
Transform:
  m_ObjectHideFlags: 0
  m_CorrespondingSourceObject: {fileID: 0}
  m_PrefabInstance: {fileID: 0}
  m_PrefabAsset: {fileID: 0}
  m_GameObject: {fileID: 4159782733121176924}
  m_LocalRotation: {x: 0, y: 0, z: 0, w: 1}
  m_LocalPosition: {x: 0, y: -0.244, z: 0}
  m_LocalScale: {x: 1, y: 1, z: 1}
  m_Children: []
  m_Father: {fileID: 8419835987181795594}
  m_RootOrder: 2
  m_LocalEulerAnglesHint: {x: 0, y: 0, z: 0}
--- !u!1 &4187943274792568902
GameObject:
  m_ObjectHideFlags: 0
  m_CorrespondingSourceObject: {fileID: 0}
  m_PrefabInstance: {fileID: 0}
  m_PrefabAsset: {fileID: 0}
  serializedVersion: 6
  m_Component:
  - component: {fileID: 4429686273610807157}
  m_Layer: 9
  m_Name: CheckCanMove
  m_TagString: Untagged
  m_Icon: {fileID: 0}
  m_NavMeshLayer: 0
  m_StaticEditorFlags: 0
  m_IsActive: 1
--- !u!4 &4429686273610807157
Transform:
  m_ObjectHideFlags: 0
  m_CorrespondingSourceObject: {fileID: 0}
  m_PrefabInstance: {fileID: 0}
  m_PrefabAsset: {fileID: 0}
  m_GameObject: {fileID: 4187943274792568902}
  m_LocalRotation: {x: 0, y: 0, z: 0, w: 1}
  m_LocalPosition: {x: 0.229, y: -0.199, z: 0}
  m_LocalScale: {x: 1, y: 1, z: 1}
  m_Children: []
  m_Father: {fileID: 8419835987181795594}
  m_RootOrder: 3
  m_LocalEulerAnglesHint: {x: 0, y: 0, z: 0}
--- !u!1 &8419835985684403317
GameObject:
  m_ObjectHideFlags: 0
  m_CorrespondingSourceObject: {fileID: 0}
  m_PrefabInstance: {fileID: 0}
  m_PrefabAsset: {fileID: 0}
  serializedVersion: 6
  m_Component:
  - component: {fileID: 8419835985684403316}
  m_Layer: 9
  m_Name: CastPoint
  m_TagString: Untagged
  m_Icon: {fileID: 0}
  m_NavMeshLayer: 0
  m_StaticEditorFlags: 0
  m_IsActive: 1
--- !u!4 &8419835985684403316
Transform:
  m_ObjectHideFlags: 0
  m_CorrespondingSourceObject: {fileID: 0}
  m_PrefabInstance: {fileID: 0}
  m_PrefabAsset: {fileID: 0}
  m_GameObject: {fileID: 8419835985684403317}
  m_LocalRotation: {x: -0, y: -0, z: -0, w: 1}
  m_LocalPosition: {x: 0.111, y: 0.175, z: 0}
  m_LocalScale: {x: -1.25, y: 1.25, z: 1.3333334}
  m_Children: []
  m_Father: {fileID: 8419835987181795594}
  m_RootOrder: 0
  m_LocalEulerAnglesHint: {x: 0, y: 0, z: 0}
--- !u!1 &8419835985762870763
GameObject:
  m_ObjectHideFlags: 0
  m_CorrespondingSourceObject: {fileID: 0}
  m_PrefabInstance: {fileID: 0}
  m_PrefabAsset: {fileID: 0}
  serializedVersion: 6
  m_Component:
  - component: {fileID: 8419835985762870762}
  - component: {fileID: 8419835985762870760}
  - component: {fileID: 8419835985762870761}
  m_Layer: 15
  m_Name: WeaponCol
  m_TagString: EnemyWeapon
  m_Icon: {fileID: 0}
  m_NavMeshLayer: 0
  m_StaticEditorFlags: 0
  m_IsActive: 1
--- !u!4 &8419835985762870762
Transform:
  m_ObjectHideFlags: 0
  m_CorrespondingSourceObject: {fileID: 0}
  m_PrefabInstance: {fileID: 0}
  m_PrefabAsset: {fileID: 0}
  m_GameObject: {fileID: 8419835985762870763}
  m_LocalRotation: {x: -0, y: -0, z: -0, w: 1}
  m_LocalPosition: {x: 0.777, y: 0.0909375, z: 0}
  m_LocalScale: {x: -1.25, y: 1.25, z: 1.3333334}
  m_Children: []
  m_Father: {fileID: 8419835987181795594}
  m_RootOrder: 1
  m_LocalEulerAnglesHint: {x: 0, y: 0, z: 0}
--- !u!61 &8419835985762870760
BoxCollider2D:
  m_ObjectHideFlags: 0
  m_CorrespondingSourceObject: {fileID: 0}
  m_PrefabInstance: {fileID: 0}
  m_PrefabAsset: {fileID: 0}
  m_GameObject: {fileID: 8419835985762870763}
  m_Enabled: 1
  m_Density: 1
  m_Material: {fileID: 0}
  m_IsTrigger: 1
  m_UsedByEffector: 0
  m_UsedByComposite: 0
  m_Offset: {x: 0.2471869, y: -0.054158762}
  m_SpriteTilingProperty:
    border: {x: 0, y: 0, z: 0, w: 0}
    pivot: {x: 0, y: 0}
    oldSize: {x: 0, y: 0}
    newSize: {x: 0, y: 0}
    adaptiveTilingThreshold: 0
    drawMode: 0
    adaptiveTiling: 0
  m_AutoTiling: 0
  serializedVersion: 2
  m_Size: {x: 0.45485258, y: 0.42033204}
  m_EdgeRadius: 0
--- !u!114 &8419835985762870761
MonoBehaviour:
  m_ObjectHideFlags: 0
  m_CorrespondingSourceObject: {fileID: 0}
  m_PrefabInstance: {fileID: 0}
  m_PrefabAsset: {fileID: 0}
  m_GameObject: {fileID: 8419835985762870763}
  m_Enabled: 1
  m_EditorHideFlags: 0
  m_Script: {fileID: 11500000, guid: 9a2ee085f32f2484a8ec72e90978ab32, type: 3}
  m_Name: 
  m_EditorClassIdentifier: 
  CheckSphere: {fileID: 0}
  CheckLayer:
    serializedVersion: 2
    m_Bits: 0
--- !u!1 &8419835987181795588
GameObject:
  m_ObjectHideFlags: 0
  m_CorrespondingSourceObject: {fileID: 0}
  m_PrefabInstance: {fileID: 0}
  m_PrefabAsset: {fileID: 0}
  serializedVersion: 6
  m_Component:
  - component: {fileID: 8419835987181795594}
  - component: {fileID: 8419835987181795595}
  - component: {fileID: 8419835987181795593}
  - component: {fileID: 8419835987181795599}
  - component: {fileID: 8419835987181795592}
  - component: {fileID: 8419835987181795598}
  - component: {fileID: 8419835987181795597}
  - component: {fileID: -3474871520459828243}
  m_Layer: 9
  m_Name: Skeleton
  m_TagString: Untagged
  m_Icon: {fileID: 0}
  m_NavMeshLayer: 0
  m_StaticEditorFlags: 0
  m_IsActive: 1
--- !u!4 &8419835987181795594
Transform:
  m_ObjectHideFlags: 0
  m_CorrespondingSourceObject: {fileID: 0}
  m_PrefabInstance: {fileID: 0}
  m_PrefabAsset: {fileID: 0}
  m_GameObject: {fileID: 8419835987181795588}
  m_LocalRotation: {x: 0, y: 0, z: 0, w: 1}
  m_LocalPosition: {x: -7.98, y: 0.73, z: 0}
  m_LocalScale: {x: -3.2, y: 3.2, z: 3}
  m_Children:
  - {fileID: 8419835985684403316}
  - {fileID: 8419835985762870762}
  - {fileID: 3401552089610149540}
  - {fileID: 4429686273610807157}
  m_Father: {fileID: 0}
  m_RootOrder: 0
  m_LocalEulerAnglesHint: {x: 0, y: 0, z: 0}
--- !u!212 &8419835987181795595
SpriteRenderer:
  m_ObjectHideFlags: 0
  m_CorrespondingSourceObject: {fileID: 0}
  m_PrefabInstance: {fileID: 0}
  m_PrefabAsset: {fileID: 0}
  m_GameObject: {fileID: 8419835987181795588}
  m_Enabled: 1
  m_CastShadows: 0
  m_ReceiveShadows: 0
  m_DynamicOccludee: 1
  m_MotionVectors: 1
  m_LightProbeUsage: 1
  m_ReflectionProbeUsage: 1
  m_RayTracingMode: 0
  m_RayTraceProcedural: 0
  m_RenderingLayerMask: 1
  m_RendererPriority: 0
  m_Materials:
  - {fileID: 2100000, guid: 453ede4483b19d8439f8cf7b44468406, type: 2}
  m_StaticBatchInfo:
    firstSubMesh: 0
    subMeshCount: 0
  m_StaticBatchRoot: {fileID: 0}
  m_ProbeAnchor: {fileID: 0}
  m_LightProbeVolumeOverride: {fileID: 0}
  m_ScaleInLightmap: 1
  m_ReceiveGI: 1
  m_PreserveUVs: 0
  m_IgnoreNormalsForChartDetection: 0
  m_ImportantGI: 0
  m_StitchLightmapSeams: 1
  m_SelectedEditorRenderState: 0
  m_MinimumChartSize: 4
  m_AutoUVMaxDistance: 0.5
  m_AutoUVMaxAngle: 89
  m_LightmapParameters: {fileID: 0}
  m_SortingLayerID: -1623806563
  m_SortingLayer: 10
  m_SortingOrder: 0
  m_Sprite: {fileID: 4723107735738678597, guid: 1018b0ba13578bf459bd254ae1a2be99, type: 3}
  m_Color: {r: 1, g: 1, b: 1, a: 1}
  m_FlipX: 0
  m_FlipY: 0
  m_DrawMode: 0
  m_Size: {x: 1.5, y: 1.5}
  m_AdaptiveModeThreshold: 0.5
  m_SpriteTileMode: 0
  m_WasSpriteAssigned: 1
  m_MaskInteraction: 0
  m_SpriteSortPoint: 0
--- !u!95 &8419835987181795593
Animator:
  serializedVersion: 3
  m_ObjectHideFlags: 0
  m_CorrespondingSourceObject: {fileID: 0}
  m_PrefabInstance: {fileID: 0}
  m_PrefabAsset: {fileID: 0}
  m_GameObject: {fileID: 8419835987181795588}
  m_Enabled: 1
  m_Avatar: {fileID: 0}
  m_Controller: {fileID: 9100000, guid: 7052c8b4bb06f644ea75e62b72afedbd, type: 2}
  m_CullingMode: 0
  m_UpdateMode: 0
  m_ApplyRootMotion: 0
  m_LinearVelocityBlending: 0
  m_WarningMessage: 
  m_HasTransformHierarchy: 1
  m_AllowConstantClipSamplingOptimization: 1
  m_KeepAnimatorControllerStateOnDisable: 0
--- !u!50 &8419835987181795599
Rigidbody2D:
  serializedVersion: 4
  m_ObjectHideFlags: 0
  m_CorrespondingSourceObject: {fileID: 0}
  m_PrefabInstance: {fileID: 0}
  m_PrefabAsset: {fileID: 0}
  m_GameObject: {fileID: 8419835987181795588}
  m_BodyType: 0
  m_Simulated: 1
  m_UseFullKinematicContacts: 0
  m_UseAutoMass: 0
  m_Mass: 20
  m_LinearDrag: 0
  m_AngularDrag: 0.05
  m_GravityScale: 1
  m_Material: {fileID: 0}
  m_Interpolate: 0
  m_SleepingMode: 0
  m_CollisionDetection: 0
  m_Constraints: 4
--- !u!70 &8419835987181795592
CapsuleCollider2D:
  m_ObjectHideFlags: 0
  m_CorrespondingSourceObject: {fileID: 0}
  m_PrefabInstance: {fileID: 0}
  m_PrefabAsset: {fileID: 0}
  m_GameObject: {fileID: 8419835987181795588}
  m_Enabled: 1
  m_Density: 1
  m_Material: {fileID: 0}
  m_IsTrigger: 0
  m_UsedByEffector: 0
  m_UsedByComposite: 0
  m_Offset: {x: 0.052733418, y: 0.0051767402}
  m_Size: {x: 0.25303856, y: 0.5206386}
  m_Direction: 0
--- !u!114 &8419835987181795598
MonoBehaviour:
  m_ObjectHideFlags: 0
  m_CorrespondingSourceObject: {fileID: 0}
  m_PrefabInstance: {fileID: 0}
  m_PrefabAsset: {fileID: 0}
  m_GameObject: {fileID: 8419835987181795588}
  m_Enabled: 1
  m_EditorHideFlags: 0
  m_Script: {fileID: 11500000, guid: 7db70e0ea77f5ac47a8f4565a9406397, type: 3}
  m_Name: 
  m_EditorClassIdentifier: 
  m_ShadowGroup: 0
  m_HasRenderer: 1
  m_UseRendererSilhouette: 1
  m_CastsShadows: 1
  m_SelfShadows: 0
  m_ApplyToSortingLayers: 00000000a928d77f2169316e9df3ca6f0bf170d4835bbe9f1bf64bf3694ccebc7d152458
  m_ShapePath:
  - {x: -0.07542437, y: -0.22915542, z: 0}
  - {x: -0.050318897, y: -0.23134075, z: 0}
  - {x: 0.0018892586, y: -0.13272512, z: 0}
  - {x: 0.0018892586, y: -0.057313163, z: 0}
  - {x: 0.06859982, y: -0.04716156, z: 0}
  - {x: 0.123708636, y: -0.099369824, z: 0}
  - {x: 0.09035328, y: -0.22553982, z: 0}
  - {x: 0.16505653, y: -0.23844257, z: 0}
  - {x: 0.15126297, y: -0.083417304, z: 0}
  - {x: 0.078751385, y: 0.035501532, z: 0}
  - {x: 0.10920623, y: 0.07175729, z: 0}
  - {x: 0.11645743, y: 0.13991806, z: 0}
  - {x: 0.13807991, y: 0.2404727, z: 0}
  - {x: 0.08268544, y: 0.259124, z: 0}
  - {x: 0.058448255, y: 0.16022131, z: 0}
  - {x: -0.0024614334, y: 0.123965554, z: 0}
  - {x: -0.024214745, y: -0.00075420365, z: 0}
  - {x: -0.019864202, y: -0.08631776, z: 0}
  m_ShapePathHash: -515747083
  m_Mesh: {fileID: 0}
  m_InstanceId: 113512
--- !u!114 &8419835987181795597
MonoBehaviour:
  m_ObjectHideFlags: 0
  m_CorrespondingSourceObject: {fileID: 0}
  m_PrefabInstance: {fileID: 0}
  m_PrefabAsset: {fileID: 0}
  m_GameObject: {fileID: 8419835987181795588}
  m_Enabled: 1
  m_EditorHideFlags: 0
  m_Script: {fileID: 11500000, guid: 793968bbbd4009a40a9c070b6fc899a8, type: 3}
  m_Name: 
  m_EditorClassIdentifier: 
  ActorType: 0
  Death: 0
  Attacking: 0
  ComboStep: 0
  ComboPossible: 0
  anim: {fileID: 0}
  rig2d: {fileID: 0}
  AttackTrue: 0
  MoveTrue: 0
  WeaponCol: {fileID: 8419835985762870763}
  Scale: 0
  spriteRenderer_: {fileID: 0}
  castPoint: {fileID: 8419835985684403316}
  Player: {fileID: 0}
  BoxSize: {x: 30, y: 30}
  la:
    serializedVersion: 2
    m_Bits: 8
  Dis:
  - 3
  - 2
  GoldObj: {fileID: 0}
  Drops: f4017800
  Hp: 75
  Damage: 12
  moveSpeed: 2
  AttackAudios:
  - {fileID: 8300000, guid: b87d7e746d55eda4eaf2a65008d7374c, type: 3}
  - {fileID: 8300000, guid: c87eb22315b1ea04ebece7d7e21ef486, type: 3}
  - {fileID: 8300000, guid: 70de683d67ec6054f9a0dc625dfec2eb, type: 3}
  HitAudios:
  - {fileID: 8300000, guid: db7d964a86f8f884885fcc9d1b435ad2, type: 3}
  - {fileID: 8300000, guid: 80becce2457a495469a91a2c0cee49a6, type: 3}
  - {fileID: 8300000, guid: 2be691d2fe8e29347acecca38b039919, type: 3}
  DeathAudios: {fileID: 8300000, guid: a04f30255ece7394ba42c5f34cf0080b, type: 3}
  audioSource: {fileID: 0}
  CheckGround: {fileID: 3401552089610149540}
  MinSpeed: 1.8
  MaxSpeed: 0.9
  GroundLayerMask:
    serializedVersion: 2
    m_Bits: 64
  GroundCheckDis: 4
  GroundCheckTrans: {fileID: 4429686273610807157}
  monsterType: 2
  DefencePercent: 50
  ShieldAudios:
  - {fileID: 8300000, guid: aaee6800a1b9703489faefefda9db159, type: 3}
  - {fileID: 8300000, guid: 073eefc62f4e51044bc7b39b52e755b5, type: 3}
  - {fileID: 8300000, guid: 1040ccf71fc33a443a396d88c515ba44, type: 3}
--- !u!82 &-3474871520459828243
AudioSource:
  m_ObjectHideFlags: 0
  m_CorrespondingSourceObject: {fileID: 0}
  m_PrefabInstance: {fileID: 0}
  m_PrefabAsset: {fileID: 0}
  m_GameObject: {fileID: 8419835987181795588}
  m_Enabled: 1
  serializedVersion: 4
  OutputAudioMixerGroup: {fileID: 0}
  m_audioClip: {fileID: 0}
  m_PlayOnAwake: 0
  m_Volume: 1
  m_Pitch: 1
  Loop: 0
  Mute: 0
  Spatialize: 0
  SpatializePostEffects: 0
  Priority: 128
  DopplerLevel: 1
  MinDistance: 0
  MaxDistance: 15.5
  Pan2D: 0
  rolloffMode: 1
  BypassEffects: 0
  BypassListenerEffects: 0
  BypassReverbZones: 0
  rolloffCustomCurve:
    serializedVersion: 2
    m_Curve:
    - serializedVersion: 3
      time: 0
      value: 1
      inSlope: 0
      outSlope: 0
      tangentMode: 0
      weightedMode: 0
      inWeight: 0.33333334
      outWeight: 0.33333334
    - serializedVersion: 3
      time: 1
      value: 0
      inSlope: 0
      outSlope: 0
      tangentMode: 0
      weightedMode: 0
      inWeight: 0.33333334
      outWeight: 0.33333334
    m_PreInfinity: 2
    m_PostInfinity: 2
    m_RotationOrder: 4
  panLevelCustomCurve:
    serializedVersion: 2
    m_Curve:
    - serializedVersion: 3
      time: 0
      value: 1
      inSlope: 0
      outSlope: 0
      tangentMode: 0
      weightedMode: 0
      inWeight: 0.33333334
      outWeight: 0.33333334
    m_PreInfinity: 2
    m_PostInfinity: 2
    m_RotationOrder: 4
  spreadCustomCurve:
    serializedVersion: 2
    m_Curve:
    - serializedVersion: 3
      time: 0
      value: 0.13611111
      inSlope: 0
      outSlope: 0
      tangentMode: 0
      weightedMode: 0
      inWeight: 0.33333334
      outWeight: 0.33333334
    m_PreInfinity: 2
    m_PostInfinity: 2
    m_RotationOrder: 4
  reverbZoneMixCustomCurve:
    serializedVersion: 2
    m_Curve:
    - serializedVersion: 3
      time: 0
      value: 1
      inSlope: 0
      outSlope: 0
      tangentMode: 0
      weightedMode: 0
      inWeight: 0.33333334
      outWeight: 0.33333334
    m_PreInfinity: 2
    m_PostInfinity: 2
    m_RotationOrder: 4
